<?xml version="1.0" encoding="UTF-8"?><collection><record><leader>03225ntm a2200493 a 4500</leader><controlfield tag="001">006796307</controlfield><controlfield tag="003">MiAaHDL</controlfield><controlfield tag="005">20190719000000.0</controlfield><controlfield tag="006">m        d        </controlfield><controlfield tag="007">cr bn ---auaua</controlfield><controlfield tag="008">090521q17uu18uuxx            00| ||ara d</controlfield><datafield tag="035" ind1=" " ind2=" "><subfield code="a">(MiU)006796307</subfield></datafield><datafield tag="035" ind1=" " ind2=" "><subfield code="a">sdr-miu006796307</subfield></datafield><datafield tag="040" ind1=" " ind2=" "><subfield code="a">MiU</subfield><subfield code="c">MiU</subfield><subfield code="e">amremm</subfield></datafield><datafield tag="043" ind1=" " ind2=" "><subfield code="a">n-us-mi</subfield></datafield><datafield tag="245" ind1="0" ind2="0"><subfield code="6">880-01</subfield><subfield code="a">[Calligraphic specimen,</subfield><subfield code="f">18th or 19th century?].</subfield></datafield><datafield tag="260" ind1=" " ind2=" "><subfield code="c">[17-- or 18--?].</subfield></datafield><datafield tag="300" ind1=" " ind2=" "><subfield code="a">9 leaves :</subfield><subfield code="b">paper ;</subfield><subfield code="c">175 x 248 (93 x 164) mm.</subfield></datafield><datafield tag="500" ind1=" " ind2=" "><subfield code="a">Shelfmark: Ann Arbor, University of Michigan, Special Collections Library, Isl. Ms. 239</subfield></datafield><datafield tag="500" ind1=" " ind2=" "><subfield code="a">Origin: Lacks dated colophon ; likely 18th or 19th century.</subfield></datafield><datafield tag="500" ind1=" " ind2=" "><subfield code="a">Former shelfmark: "561 T. De M. [i.e. Tammaro De Marinis]" inscribed in pencil on spine 'lining' where it extends onto upper cover ; "112" inscriped in pencil at opening.</subfield></datafield><datafield tag="500" ind1=" " ind2=" "><subfield code="a">Binding: Unbound ; leaves/'panels' were originally hinged together via green silk and adhesive ; paper has been wrapped around the long (horizontal) edge to join the leaves and form a spine ; 'panels' are delaminating and separating from one another ; some abrasion ; currently housed in envelope.</subfield></datafield><datafield tag="500" ind1=" " ind2=" "><subfield code="a">Support: Well-burnished laid paper set into heavy (likely thin pasteboard) painted and gold-flecked frame, edged in green silk ; colors of facing panels match (orange, purple, and green).</subfield></datafield><datafield tag="500" ind1=" " ind2=" "><subfield code="a">Decoration: Written area surrounded by gold-stamped border in interlocking geometric design ; written area divided into rectangular panels by gold rules ; often a white fillet appears at the center of the gold-flecked frame.</subfield></datafield><datafield tag="500" ind1=" " ind2=" "><subfield code="a">Script: A fine thuluth.</subfield></datafield><datafield tag="500" ind1=" " ind2=" "><subfield code="a">Layout: Written in two lines per page.</subfield></datafield><datafield tag="500" ind1=" " ind2=" "><subfield code="a">Collation: Nine leaves or 'panels' originally hinged together.</subfield></datafield><datafield tag="500" ind1=" " ind2=" "><subfield code="a">Incipit: "رب يسر ولاتعسر رب تمم بالخير وه"</subfield></datafield><datafield tag="500" ind1=" " ind2=" "><subfield code="a">Title supplied by cataloguer.</subfield></datafield><datafield tag="500" ind1=" " ind2=" "><subfield code="a">Ms. codex.</subfield></datafield><datafield tag="510" ind1="4" ind2=" "><subfield code="a">Zakariya, Mohamed. "Islamic calligraphy: A technical overview." In Brocade of the pen: the art of Islamic writing. Carol Garrett Fisher, ed. (East Lansing, MI: Kresge Art Museum, Michigan State University, 1991):</subfield><subfield code="c">1-17</subfield></datafield><datafield tag="510" ind1="4" ind2=" "><subfield code="a">Brocade of the pen : the art of Islamic writing. Carol Garrett Fisher, ed. (East Lansing, MI: Kresge Art Museum, Michigan State University, 1991),</subfield><subfield code="c">no.10, p.84</subfield></datafield><datafield tag="520" ind1="8" ind2=" "><subfield code="a">Fine album of calligraphy (muraqqaʻ or murakkaa) employing alphabetic exercises (müfredat).</subfield></datafield><datafield tag="538" ind1=" " ind2=" "><subfield code="a">Mode of access: Internet.</subfield></datafield><datafield tag="541" ind1=" " ind2=" "><subfield code="c">Purchase ;</subfield><subfield code="a">Acquired by purchase (funds donated by Horace Rackham).</subfield><subfield code="d">1924.</subfield></datafield><datafield tag="546" ind1=" " ind2=" "><subfield code="a">Arabic.</subfield></datafield><datafield tag="561" ind1=" " ind2=" "><subfield code="a">Inscriptions in pencil "561 T. De M. [i.e. Tammaro De Marinis]" and "112" may be former owners' or inventory marks ; clean copy.</subfield></datafield><datafield tag="650" ind1=" " ind2="0"><subfield code="a">Manuscripts, Arabic</subfield><subfield code="z">Michigan</subfield><subfield code="z">Ann Arbor.</subfield></datafield><datafield tag="650" ind1=" " ind2="0"><subfield code="a">Islamic calligraphy</subfield><subfield code="v">Specimens.</subfield></datafield><datafield tag="650" ind1=" " ind2="0"><subfield code="a">Writing, Arabic</subfield><subfield code="v">Specimens.</subfield></datafield><datafield tag="650" ind1=" " ind2="0"><subfield code="a">Calligraphy, Arabic</subfield><subfield code="v">Specimens.</subfield></datafield><datafield tag="700" ind1="0" ind2=" "><subfield code="a">Abdülhamid</subfield><subfield code="b">II,</subfield><subfield code="c">Sultan of the Turks,</subfield><subfield code="d">1842-1918,</subfield><subfield code="e">former owner.</subfield></datafield><datafield tag="773" ind1="0" ind2=" "><subfield code="a">Abdul Hamid Collection.</subfield></datafield><datafield tag="880" ind1="0" ind2="0"><subfield code="6">245-01/</subfield><subfield code="a">[مرقع حسن الخط,</subfield><subfield code="f">القرن 18 او 19م؟].</subfield></datafield><datafield tag="CID" ind1=" " ind2=" "><subfield code="a">006796307</subfield></datafield><datafield tag="DAT" ind1="0" ind2=" "><subfield code="a">20190719102636.0</subfield><subfield code="b">20190719000000.0</subfield></datafield><datafield tag="DAT" ind1="1" ind2=" "><subfield code="a">20190719090653.0</subfield><subfield code="b">2019-07-19T16:10:57Z</subfield></datafield><datafield tag="DAT" ind1="2" ind2=" "><subfield code="a">2015-10-02T18:00:03Z</subfield><subfield code="b">2014-04-23T20:00:03Z</subfield></datafield><datafield tag="CAT" ind1=" " ind2=" "><subfield code="a">SDR-MIU</subfield><subfield code="d">EX LIBRIS - ALEPH</subfield><subfield code="l">prepare.pl-004-008</subfield></datafield><datafield tag="FMT" ind1=" " ind2=" "><subfield code="a">BK</subfield></datafield><datafield tag="HOL" ind1=" " ind2=" "><subfield code="0">sdr-miu006796307</subfield><subfield code="a">MiU</subfield><subfield code="b">SDR</subfield><subfield code="c">MIU</subfield><subfield code="p">mdp.39015079126028</subfield><subfield code="s">MIU</subfield><subfield code="1">006796307</subfield></datafield><datafield tag="974" ind1=" " ind2=" "><subfield code="b">MIU</subfield><subfield code="c">MIU</subfield><subfield code="d">20190719</subfield><subfield code="s">lit-dlps-dc</subfield><subfield code="u">mdp.39015079126028</subfield><subfield code="y">1899</subfield><subfield code="r">pd</subfield><subfield code="q">add</subfield></datafield></record></collection>